@article{cite:8,
  author = {R. Liouville and G. Bernoulli},
  title = {{On the Positivity of Conditionally Closed, Right-Simply Contravariant Scalars}},
  journal = {{J}ournal of Numerical Geometry},
  month = {aug},
  year = {1993},
  volume = {6},
  pages = {152--191},
}


@article{cite:2,
  author = {Q. Smith},
  title = {{${\ell}$-Multiply Contra-One-to-One Paths over Semi-Almost Everywhere Negative Isomorphisms}},
  journal = {{J}ournal of Homological Model Theory},
  month = {sep},
  year = {2003},
  volume = {7},
  pages = {1408--1423},
}


@article{cite:0,
  author = {Q. Tate and L. Garcia and G. Banach},
  title = {{Regularity Methods in Fuzzy Number Theory}},
  journal = {{A}rchives of the {M}oldovan {M}athematical {S}ociety},
  month = {aug},
  year = {1995},
  volume = {0},
  pages = {78--93},
}


@article{Robertson_1991,
  doi = {10.1071/ph910729},
  url = {http://dx.doi.org/10.1071/ph910729},
  year = {1991},
  publisher = {{CSIRO} Publishing},
  volume = {44},
  number = {6},
  pages = {729},
  author = {JG Robertson},
  title = {{The {MOST} and Other Radio Telescopes}},
  journal = {Aust. J. Phys.},
}


@article{LARGE_1968,
  doi = {10.1038/220340a0},
  url = {http://dx.doi.org/10.1038/220340a0},
  year = {1968},
  month = {oct},
  publisher = {Nature Publishing Group},
  volume = {220},
  number = {5165},
  pages = {340--341},
  author = {M. I. LARGE and A. E. VAUGHAN and B. Y. MILLS},
  title = {{A Pulsar Supernova Association?}},
  journal = {Nature},
}


@article{Manchester_1978,
  doi = {10.1093/mnras/185.2.409},
  url = {http://dx.doi.org/10.1093/mnras/185.2.409},
  year = {1978},
  month = {nov},
  publisher = {Oxford University Press ({OUP})},
  volume = {185},
  number = {2},
  pages = {409--421},
  author = {R. N. Manchester and A. G. Lyne and J. H. Taylor and J. M. Durdin and M. I. Large and A. G. Little},
  title = {{The second Molonglo pulsar survey - discovery of 155 pulsars}},
  journal = {Monthly Notices of the Royal Astronomical Society},
}


@article{Bock_1999,
  doi = {10.1086/300786},
  url = {http://dx.doi.org/10.1086/300786},
  year = {1999},
  month = {mar},
  publisher = {{IOP} Publishing},
  volume = {117},
  number = {3},
  pages = {1578--1593},
  author = {D. C.-J. Bock and M. I. Large and Elaine M. Sadler},
  title = {{{SUMSS}: A Wide-Field Radio Imaging Survey of the Southern Sky. I. Science Goals Survey Design, and Instrumentation}},
  journal = {The Astronomical Journal},
}


@article{Mauch_2003,
  doi = {10.1046/j.1365-8711.2003.06605.x},
  url = {http://dx.doi.org/10.1046/j.1365-8711.2003.06605.x},
  year = {2003},
  month = {jul},
  publisher = {Oxford University Press ({OUP})},
  volume = {342},
  number = {4},
  pages = {1117--1130},
  author = {T. Mauch and T. Murphy and H. J. Buttery and J. Curran and R. W. Hunstead and B. Piestrzynski and J. G. Robertson and E. M. Sadler},
  title = {{{SUMSS}: a wide-field radio imaging survey of the southern sky - {II}. The source catalogue}},
  journal = {Monthly Notices of the Royal Astronomical Society},
}


@article{Whiteoak_1996,
  doi = {10.1051/aas:1996202},
  url = {http://dx.doi.org/10.1051/aas:1996202},
  year = {1996},
  month = {aug},
  publisher = {{EDP} Sciences},
  volume = {118},
  number = {2},
  pages = {329--380},
  author = {J. B.Z. Whiteoak and A. J. Green},
  title = {{The {MOST} supernova remnant catalogue ({MSC})}},
  journal = {Astronomy and Astrophysics Supplement Series},
}
